<?xml version="1.0" encoding="UTF-8"?>
<collection xmlns:xsi="http://www.w3.org/2001/XMLSchema-instance" xsi:schemaLocation="http://www.loc.gov/MARC21/slim http://www.loc.gov/standards/marcxml/schema/MARC21slim.xsd" xmlns="http://www.loc.gov/MARC21/slim">
<record>
  <leader>00714cam a2200241K  4500</leader>
  <controlfield tag="001">5267124</controlfield>
  <controlfield tag="003">NNC</controlfield>
  <controlfield tag="005">20130501135847.0</controlfield>
  <controlfield tag="008">920917m19459999tu            000 0 ara d</controlfield>
  <datafield tag="035" ind1=" " ind2=" ">
    <subfield code="a">(OCoLC)ocm26616863</subfield>
  </datafield>
  <datafield tag="035" ind1=" " ind2=" ">
    <subfield code="a">(NNC)5267124</subfield>
  </datafield>
  <datafield tag="040" ind1=" " ind2=" ">
    <subfield code="a">STF</subfield>
    <subfield code="c">STF</subfield>
    <subfield code="d">ZCU</subfield>
  </datafield>
  <datafield tag="090" ind1=" " ind2=" ">
    <subfield code="a">BP130.1</subfield>
    <subfield code="b">.I315 v.17c-d</subfield>
  </datafield>
  <datafield tag="100" ind1="1" ind2=" ">
    <subfield code="a">Ibn al-Muʻtazz, ʻAbd Allāh,</subfield>
    <subfield code="d">861-908.</subfield>
  </datafield>
  <datafield tag="245" ind1="1" ind2="4">
    <subfield code="a">Der Diwan,</subfield>
    <subfield code="c">hrsg. von Bernhard Lewin.</subfield>
  </datafield>
  <datafield tag="260" ind1=" " ind2=" ">
    <subfield code="a">Istanbul,</subfield>
    <subfield code="b">Staatsdruckerei,</subfield>
    <subfield code="c">1945-</subfield>
  </datafield>
  <datafield tag="300" ind1=" " ind2=" ">
    <subfield code="a">v.</subfield>
    <subfield code="c">25 cm.</subfield>
  </datafield>
  <datafield tag="490" ind1="1" ind2=" ">
    <subfield code="a">Bibliotheca Islamica.</subfield>
    <subfield code="v">Bd. 17</subfield>
  </datafield>
  <datafield tag="500" ind1=" " ind2=" ">
    <subfield code="a">Text in Arabic.</subfield>
  </datafield>
  <datafield tag="500" ind1=" " ind2=" ">
    <subfield code="a">Added t.p. in Arabic, v.</subfield>
  </datafield>
  <datafield tag="700" ind1="1" ind2=" ">
    <subfield code="a">Levin, Bernhard,</subfield>
    <subfield code="e">editor.</subfield>
  </datafield>
  <datafield tag="830" ind1=" " ind2="0">
    <subfield code="a">Nasharāt al-Islāmīyah ;</subfield>
    <subfield code="v">juzʼ 17.</subfield>
  </datafield>
  <datafield tag="955" ind1=" " ind2=" ">
    <subfield code="b">0315334570</subfield>
    <subfield code="d">glx</subfield>
    <subfield code="e">893.791 B471 v.17c-d</subfield>
    <subfield code="v">v.17d</subfield>
  </datafield>
</record>
</collection>